<record><leader>00000cas a2200000 i 4500</leader><controlfield tag="001">880638929</controlfield><controlfield tag="006">m     o  d        </controlfield><controlfield tag="007">cr |||||||||||</controlfield><controlfield tag="008">140528d18351851ncuwr neo     0   a0eng  </controlfield><datafield ind1=" " ind2=" " tag="010"><subfield code="a">  2014218383</subfield></datafield><datafield ind1=" " ind2=" " tag="040"><subfield code="a">DLC</subfield><subfield code="b">eng</subfield><subfield code="e">rda</subfield><subfield code="c">DLC</subfield><subfield code="d">DLC</subfield></datafield><datafield ind1="0" ind2=" " tag="022"><subfield code="a">2373-2520</subfield><subfield code="2">1</subfield></datafield><datafield ind1=" " ind2=" " tag="042"><subfield code="a">pcc</subfield><subfield code="a">nsdp</subfield></datafield><datafield ind1=" " ind2=" " tag="043"><subfield code="a">n-us-nc</subfield></datafield><datafield ind1="1" ind2="0" tag="050"><subfield code="a">ISSN RECORD</subfield></datafield><datafield ind1="0" ind2="0" tag="082"><subfield code="a">071</subfield><subfield code="2">23</subfield></datafield><datafield ind1="0" ind2=" " tag="130"><subfield code="a">Tarboro' press (Online)</subfield></datafield><datafield ind1=" " ind2="0" tag="222"><subfield code="a">Tarboro' press</subfield><subfield code="b">(Online)</subfield></datafield><datafield ind1="1" ind2="0" tag="245"><subfield code="a">Tarboro' press.</subfield></datafield><datafield ind1="3" ind2="0" tag="246"><subfield code="a">Tarborough press</subfield></datafield><datafield ind1=" " ind2="1" tag="264"><subfield code="a">Tarborough, Edgecombe County, N.C. :</subfield><subfield code="b">George Howard, Jr.,</subfield><subfield code="c">-1851.</subfield></datafield><datafield ind1=" " ind2=" " tag="300"><subfield code="a">1 online resource</subfield></datafield><datafield ind1=" " ind2=" " tag="310"><subfield code="a">Weekly</subfield></datafield><datafield ind1=" " ind2=" " tag="336"><subfield code="a">text</subfield><subfield code="b">txt</subfield><subfield code="2">rdacontent</subfield></datafield><datafield ind1=" " ind2=" " tag="337"><subfield code="a">unmediated</subfield><subfield code="b">n</subfield><subfield code="2">rdamedia</subfield></datafield><datafield ind1=" " ind2=" " tag="338"><subfield code="a">volume</subfield><subfield code="b">nc</subfield><subfield code="2">rdacarrier</subfield></datafield><datafield ind1="1" ind2=" " tag="362"><subfield code="a">Began January 2, 1835; ceased with Vol. XXVII (December 20, 1851) whole no. 1321,</subfield></datafield><datafield ind1=" " ind2=" " tag="500"><subfield code="a">Published as: Tarborough press, Jan. 6-13, 1844, and: Jan. 8, 1848-Dec. 20, 1851.</subfield></datafield><datafield ind1=" " ind2=" " tag="588"><subfield code="a">Description based on: Whole no. 1135  Vol. XXII, no. 2 (January 8, 1848); title from masthead (Chroniclingamerica.loc.gov, viewed May 28, 2014).</subfield></datafield><datafield ind1=" " ind2=" " tag="588"><subfield code="a">Latest issue consulted: Vol. XXVII (December 20, 1851) whole no. 1321 (Chroniclingamerica.loc.gov, viewed May 28, 2014).</subfield></datafield><datafield ind1=" " ind2="0" tag="651"><subfield code="a">Tarboro (N.C.)</subfield><subfield code="v">Newspapers.</subfield></datafield><datafield ind1=" " ind2="0" tag="651"><subfield code="a">Edgecombe County (N.C.)</subfield><subfield code="v">Newspapers.</subfield></datafield><datafield ind1=" " ind2="7" tag="651"><subfield code="a">North Carolina</subfield><subfield code="z">Edgecombe County.</subfield><subfield code="2">fast</subfield><subfield code="0">(OCoLC)fst01206610</subfield></datafield><datafield ind1=" " ind2="7" tag="651"><subfield code="a">North Carolina</subfield><subfield code="z">Tarboro.</subfield><subfield code="2">fast</subfield><subfield code="0">(OCoLC)fst01215113</subfield></datafield><datafield ind1=" " ind2="7" tag="655"><subfield code="a">Newspapers.</subfield><subfield code="2">fast</subfield><subfield code="0">(OCoLC)fst01423814</subfield></datafield><datafield ind1=" " ind2=" " tag="752"><subfield code="a">United States</subfield><subfield code="b">North Carolina</subfield><subfield code="c">Edgecombe</subfield><subfield code="d">Tarboro.</subfield></datafield><datafield ind1="0" ind2="8" tag="776"><subfield code="i">Originally issued in print:</subfield><subfield code="t">Tarboro' press</subfield><subfield code="x">2373-2512</subfield><subfield code="w">(DLC)sn 85042204</subfield><subfield code="w">(OCoLC)11921578</subfield></datafield><datafield ind1="0" ind2="0" tag="780"><subfield code="t">Tarborough free press (Online)</subfield></datafield><datafield ind1="0" ind2="5" tag="780"><subfield code="t">Tarboro' Scaevola (Online)</subfield></datafield><datafield ind1="0" ind2="0" tag="785"><subfield code="t">Southerner (Tarboro, N.C. : Online)</subfield><subfield code="x">2374-8931</subfield><subfield code="w">(DLC)  2014218588</subfield><subfield code="w">(OCoLC)890933341</subfield></datafield><datafield ind1="4" ind2="0" tag="856"><subfield code="u">http://www.loc.gov/chroniclingamerica/lccn/sn85042204/issues</subfield></datafield></record>